@inproceedings{HoGpaper,
  title={Histograms of oriented gradients for human detection},
  author={Dalal, Navneet and Triggs, Bill},
  year={2005}
}

@ARTICLE{kcf, 
author={J. F. {Henriques} and R. {Caseiro} and P. {Martins} and J. {Batista}}, 
journal={IEEE Transactions on Pattern Analysis and Machine Intelligence}, 
title={High-Speed Tracking with Kernelized Correlation Filters}, 
year={2015}, 
volume={37}, 
number={3}, 
pages={583-596}, 
keywords={Correlation;Kernel;Discrete Fourier transforms;Target tracking;Vectors;Complexity theory;Training;Visual tracking;circulant matrices;discrete Fourier transform;kernel methods;ridge regression;correlation filters}, 
doi={10.1109/TPAMI.2014.2345390}, 
ISSN={0162-8828}, 
month={3},}

@article{mobilenet,
  title={MobileNetV2: Inverted Residuals and Linear Bottlenecks},
  author={Zhu, Mark Sandler Andrew Howard Menglong and Chen, Andrey Zhmoginov Liang-Chieh}
}
	
@inproceedings{raspberry2,
  title={Real-time emotion recognition from facial images using Raspberry Pi II},
  author={Suja, P and Tripathi, Shikha and others},
  booktitle={2016 3rd International Conference on Signal Processing and Integrated Networks (SPIN)},
  pages={666--670},
  year={2016},
  organization={IEEE}
}

@online{modelzoo,
  title = {Tensorflow Model Zoo},
  url = {https://github.com/tensorflow/models/blob/master/research/object_detection/g3doc/detection_model_zoo.md},
  urldate = {2019-07-19}
}

@inproceedings{widerface,
Author = {Yang, Shuo and Luo, Ping and Loy, Chen Change and Tang, Xiaoou},
Booktitle = {IEEE Conference on Computer Vision and Pattern Recognition (CVPR)},
Title = {WIDER FACE: A Face Detection Benchmark},
Year = {2016}}

@INPROCEEDINGS{Mosse, 
author={D. S. {Bolme} and J. R. {Beveridge} and B. A. {Draper} and Y. M. {Lui}}, 
booktitle={2010 IEEE Computer Society Conference on Computer Vision and Pattern Recognition}, 
title={Visual object tracking using adaptive correlation filters}, 
year={2010}, 
volume={}, 
number={}, 
pages={2544-2550}, 
keywords={filtering theory;object detection;tracking;visual object tracking;adaptive correlation filters;complex objects;ASEF;UMACE;visual tracking;robust filters;minimum output sum;squared error;MOSSE filter;Adaptive filters;Target tracking;Robustness;Object detection;Resumes;Video sequences;Detectors;Cameras;Convolution}, 
doi={10.1109/CVPR.2010.5539960}, 
ISSN={1063-6919}, 
month={6},}

@online{latenight,
  title = {Carpool Karaoke},
  url = {https://de.wikipedia.org/wiki/The_Late_Late_Show_with_James_Corden#Carpool_Karaoke},
  urldate = {2019-07-19}
}

@online{jonasbrothers,
  title = {Jonas Brothers Carpool Karaoke},
  url = {https://www.youtube.com/watch?v=aDcTSYZu-zY},
  urldate = {2019-07-19}
}

@INPROCEEDINGS{ckplus, 
author={P. {Lucey} and J. F. {Cohn} and T. {Kanade} and J. {Saragih} and Z. {Ambadar} and I. {Matthews}}, 
booktitle={2010 IEEE Computer Society Conference on Computer Vision and Pattern Recognition - Workshops}, 
title={The Extended Cohn-Kanade Dataset (CK+): A complete dataset for action unit and emotion-specified expression}, 
year={2010}, 
volume={}, 
number={}, 
pages={94-101}, 
keywords={emotion recognition;face recognition;image classification;support vector machines;extended Cohn-Kanade dataset;action unit;emotion-specified expression;facial expression detection;CK database;emotion detection;active appearance models;linear support vector machine;SVM classifier;leave-one-out subject cross-validation;Databases;Gold;Active appearance model;Support vector machines;Support vector machine classification;Face detection;Testing;Performance evaluation;Measurement;Code standards}, 
doi={10.1109/CVPRW.2010.5543262}, 
ISSN={2160-7508}, 
month={6},}

@article{cascade,
  title={Rapid object detection using a boosted cascade of simple features},
  author={Viola, Paul and Jones, Michael and others},
  journal={CVPR (1)},
  volume={1},
  number={511-518},
  pages={3},
  year={2001}
}